<?xml version="1.0" encoding="UTF-8" ?>
<OAI-PMH xmlns="http://www.openarchives.org/OAI/2.0/" xmlns:xsi="http://www.w3.org/2001/XMLSchema-instance"
	xsi:schemaLocation="http://www.openarchives.org/OAI/2.0/
http://www.openarchives.org/OAI/2.0/OAI-PMH.xsd">
	<responseDate>2015-01-09T06:08:51Z</responseDate>
	<request verb="ListRecords"
		resumptionToken="201408211302186999999999999999MZK01-VDK:MZK01-VDK">http://aleph.mzk.cz/OAI</request>
	<ListRecords>
		<record>
			<header>
				<identifier>oai:aleph.mzk.cz:MZK01-000000116</identifier>
				<datestamp>2014-12-27T20:11:38Z</datestamp>
				<setSpec>MZK01-VDK</setSpec>
			</header>
			<metadata>
				<marc:record xmlns:marc="http://www.loc.gov/MARC21/slim"
					xmlns:xsi="http://www.w3.org/2001/XMLSchema-instance"
					xsi:schemaLocation="http://www.loc.gov/MARC21/slim
http://www.loc.gov/standards/marcxml/schema/MARC21slim.xsd">
					<marc:leader>     nam a22     2a 4500</marc:leader>
					<marc:controlfield tag="001">000000116</marc:controlfield>
					<marc:controlfield tag="003">CZ BrMZK</marc:controlfield>
					<marc:controlfield tag="005">20080317144103.0</marc:controlfield>
					<marc:controlfield tag="007">ta</marc:controlfield>
					<marc:controlfield tag="008">950101s1991    xr     f            cze d</marc:controlfield>
					<marc:datafield tag="040" ind1=" " ind2=" ">
						<marc:subfield code="a">BOA001</marc:subfield>
						<marc:subfield code="b">cze</marc:subfield>
					</marc:datafield>
					<marc:datafield tag="041" ind1="1" ind2=" ">
						<marc:subfield code="a">cze</marc:subfield>
						<marc:subfield code="b">ger</marc:subfield>
						<marc:subfield code="b">rus</marc:subfield>
					</marc:datafield>
					<marc:datafield tag="080" ind1="9" ind2=" ">
						<marc:subfield code="a">808.2-56</marc:subfield>
					</marc:datafield>
					<marc:datafield tag="100" ind1="1" ind2=" ">
						<marc:subfield code="a">Flídrová, Helena,</marc:subfield>
						<marc:subfield code="d">1941-</marc:subfield>
						<marc:subfield code="7">jk01031434</marc:subfield>
						<marc:subfield code="4">aut</marc:subfield>
					</marc:datafield>
					<marc:datafield tag="245" ind1="1" ind2="0">
						<marc:subfield code="a">Sociolingvistické a psycholingvistické aspekty dialogu a polylogu v ruštině /</marc:subfield>
						<marc:subfield code="c">Helena Flídrová</marc:subfield>
					</marc:datafield>
					<marc:datafield tag="250" ind1=" " ind2=" ">
						<marc:subfield code="a">1. vyd.</marc:subfield>
					</marc:datafield>
					<marc:datafield tag="260" ind1=" " ind2=" ">
						<marc:subfield code="a">Praha :</marc:subfield>
						<marc:subfield code="b">Státní pedagogické nakladatelství,</marc:subfield>
						<marc:subfield code="c">1991</marc:subfield>
					</marc:datafield>
					<marc:datafield tag="300" ind1=" " ind2=" ">
						<marc:subfield code="a">174 s.</marc:subfield>
					</marc:datafield>
					<marc:datafield tag="490" ind1="1" ind2=" ">
						<marc:subfield code="a">Acta Universitatis Palackianae Olomucensis. Facultas philosophica ;</marc:subfield>
						<marc:subfield code="v">Suppl. 29/1989</marc:subfield>
					</marc:datafield>
					<marc:datafield tag="504" ind1=" " ind2=" ">
						<marc:subfield code="a">Obsahuje bibliografii</marc:subfield>
					</marc:datafield>
					<marc:datafield tag="546" ind1=" " ind2=" ">
						<marc:subfield code="a">Německé a ruské resumé</marc:subfield>
					</marc:datafield>
					<marc:datafield tag="830" ind1=" " ind2="0">
						<marc:subfield code="a">Acta Universitatis Palackianae Olomucensis.</marc:subfield>
						<marc:subfield code="p">Facultas philosophica</marc:subfield>
					</marc:datafield>
					<marc:datafield tag="910" ind1=" " ind2=" ">
						<marc:subfield code="a">BOA001</marc:subfield>
					</marc:datafield>
					<marc:datafield tag="964" ind1=" " ind2=" ">
						<marc:subfield code="a">Ruština - polylogy - dialogy</marc:subfield>
					</marc:datafield>
					<marc:datafield tag="990" ind1=" " ind2=" ">
						<marc:subfield code="a">BK</marc:subfield>
					</marc:datafield>
					<marc:datafield tag="996" ind1="6" ind2=" ">
						<marc:subfield code="b">2619905610</marc:subfield>
						<marc:subfield code="c">2-0966.152</marc:subfield>
						<marc:subfield code="l">SK0</marc:subfield>
						<marc:subfield code="r">SKL</marc:subfield>
						<marc:subfield code="n">11</marc:subfield>
						<marc:subfield code="p">UN1 ;</marc:subfield>
						<marc:subfield code="w">000000116</marc:subfield>
						<marc:subfield code="a">1</marc:subfield>
						<marc:subfield code="e">BOA001</marc:subfield>
						<marc:subfield code="s">P</marc:subfield>
					</marc:datafield>
				</marc:record>
			</metadata>
		</record>