
		<record>
			<header>
				<identifier>oai:aleph.mzk.cz:MZK01-000000117</identifier>
				<datestamp>2014-12-27T20:11:38Z</datestamp>
				<setSpec>MZK01-VDK</setSpec>
			</header>
			<metadata>
				<marc:record xmlns:marc="http://www.loc.gov/MARC21/slim"
					xmlns:xsi="http://www.w3.org/2001/XMLSchema-instance"
					xsi:schemaLocation="http://www.loc.gov/MARC21/slim
http://www.loc.gov/standards/marcxml/schema/MARC21slim.xsd">
					<marc:leader>     nas a22      a 4500</marc:leader>
					<marc:controlfield tag="001">000000117</marc:controlfield>
					<marc:controlfield tag="003">CZ BrMZK</marc:controlfield>
					<marc:controlfield tag="005">20051111124731.0</marc:controlfield>
					<marc:controlfield tag="008">010907c19919999xo qr p       0   b0eng d</marc:controlfield>
					<marc:datafield tag="022" ind1=" " ind2=" ">
						<marc:subfield code="a">1210-0668</marc:subfield>
					</marc:datafield>
					<marc:datafield tag="040" ind1=" " ind2=" ">
						<marc:subfield code="a">BOA001</marc:subfield>
						<marc:subfield code="b">cze</marc:subfield>
					</marc:datafield>
					<marc:datafield tag="080" ind1=" " ind2=" ">
						<marc:subfield code="a">616.43(05)</marc:subfield>
						<marc:subfield code="2">MRF</marc:subfield>
					</marc:datafield>
					<marc:datafield tag="245" ind1="0" ind2="0">
						<marc:subfield code="a">Endocrine regulations</marc:subfield>
					</marc:datafield>
					<marc:datafield tag="260" ind1=" " ind2=" ">
						<marc:subfield code="a">Bratislava :</marc:subfield>
						<marc:subfield code="b">Veda,</marc:subfield>
						<marc:subfield code="c">1991-^^^^^^^^</marc:subfield>
					</marc:datafield>
					<marc:datafield tag="300" ind1=" " ind2=" ">
						<marc:subfield code="a">28 cm</marc:subfield>
					</marc:datafield>
					<marc:datafield tag="310" ind1=" " ind2=" ">
						<marc:subfield code="a">4x ročně</marc:subfield>
					</marc:datafield>
					<marc:datafield tag="500" ind1=" " ind2=" ">
						<marc:subfield code="a">Vydav. od r. 1996: Slovak Academic Press</marc:subfield>
					</marc:datafield>
					<marc:datafield tag="541" ind1=" " ind2=" ">
						<marc:subfield code="c">kup</marc:subfield>
					</marc:datafield>
					<marc:datafield tag="653" ind1="0" ind2=" ">
						<marc:subfield code="a">endokrinologie</marc:subfield>
					</marc:datafield>
					<marc:datafield tag="710" ind1="2" ind2=" ">
						<marc:subfield code="a">Slovenská akadémia vied.</marc:subfield>
						<marc:subfield code="b">Ústav experimentálnej endokrinólogie</marc:subfield>
						<marc:subfield code="7">kn20050812015</marc:subfield>
					</marc:datafield>
					<marc:datafield tag="780" ind1="0" ind2="0">
						<marc:subfield code="t">Endocrinologia experimentalis</marc:subfield>
					</marc:datafield>
					<marc:datafield tag="910" ind1=" " ind2=" ">
						<marc:subfield code="a">BOA001</marc:subfield>
					</marc:datafield>
					<marc:datafield tag="964" ind1=" " ind2=" ">
						<marc:subfield code="a">Endokrinologie</marc:subfield>
						<marc:subfield code="x">časopisy</marc:subfield>
					</marc:datafield>
					<marc:datafield tag="990" ind1=" " ind2=" ">
						<marc:subfield code="a">SE</marc:subfield>
					</marc:datafield>
					<marc:datafield tag="996" ind1="6" ind2=" ">
						<marc:subfield code="b">2610049616</marc:subfield>
						<marc:subfield code="c">03127-0602.984</marc:subfield>
						<marc:subfield code="d">1994 28</marc:subfield>
						<marc:subfield code="v">28</marc:subfield>
						<marc:subfield code="y">1994</marc:subfield>
						<marc:subfield code="l">SK4</marc:subfield>
						<marc:subfield code="r">SKL</marc:subfield>
						<marc:subfield code="n">0</marc:subfield>
						<marc:subfield code="w">000000117</marc:subfield>
						<marc:subfield code="a">1</marc:subfield>
						<marc:subfield code="e">BOA001</marc:subfield>
						<marc:subfield code="s">P</marc:subfield>
					</marc:datafield>
					<marc:datafield tag="996" ind1="6" ind2=" ">
						<marc:subfield code="b">2610049617</marc:subfield>
						<marc:subfield code="c">03127-0602.984</marc:subfield>
						<marc:subfield code="d">1995 29</marc:subfield>
						<marc:subfield code="v">29</marc:subfield>
						<marc:subfield code="y">1995</marc:subfield>
						<marc:subfield code="l">SK4</marc:subfield>
						<marc:subfield code="r">SKL</marc:subfield>
						<marc:subfield code="n">0</marc:subfield>
						<marc:subfield code="w">000000117</marc:subfield>
						<marc:subfield code="a">1</marc:subfield>
						<marc:subfield code="e">BOA001</marc:subfield>
						<marc:subfield code="s">P</marc:subfield>
					</marc:datafield>
					<marc:datafield tag="996" ind1="6" ind2=" ">
						<marc:subfield code="b">2610059003</marc:subfield>
						<marc:subfield code="c">03127-0602.984</marc:subfield>
						<marc:subfield code="d">1996 30 1-4</marc:subfield>
						<marc:subfield code="v">30</marc:subfield>
						<marc:subfield code="y">1996</marc:subfield>
						<marc:subfield code="l">SK4</marc:subfield>
						<marc:subfield code="r">SKL</marc:subfield>
						<marc:subfield code="n">0</marc:subfield>
						<marc:subfield code="p">kup</marc:subfield>
						<marc:subfield code="w">000000117</marc:subfield>
						<marc:subfield code="a">1</marc:subfield>
						<marc:subfield code="e">BOA001</marc:subfield>
						<marc:subfield code="s">P</marc:subfield>
					</marc:datafield>
					<marc:datafield tag="996" ind1="6" ind2=" ">
						<marc:subfield code="b">2610067418</marc:subfield>
						<marc:subfield code="c">03127-0602.984</marc:subfield>
						<marc:subfield code="d">1997 31 1-4</marc:subfield>
						<marc:subfield code="v">31</marc:subfield>
						<marc:subfield code="y">1997</marc:subfield>
						<marc:subfield code="l">SK4</marc:subfield>
						<marc:subfield code="r">SKL</marc:subfield>
						<marc:subfield code="n">0</marc:subfield>
						<marc:subfield code="p">kup</marc:subfield>
						<marc:subfield code="w">000000117</marc:subfield>
						<marc:subfield code="a">1</marc:subfield>
						<marc:subfield code="e">BOA001</marc:subfield>
						<marc:subfield code="s">P</marc:subfield>
					</marc:datafield>
					<marc:datafield tag="996" ind1="6" ind2=" ">
						<marc:subfield code="b">2610102436</marc:subfield>
						<marc:subfield code="c">03127-0602.984</marc:subfield>
						<marc:subfield code="d">1998 32 1-4</marc:subfield>
						<marc:subfield code="v">32</marc:subfield>
						<marc:subfield code="y">1998</marc:subfield>
						<marc:subfield code="l">SK4</marc:subfield>
						<marc:subfield code="r">SKL</marc:subfield>
						<marc:subfield code="n">1</marc:subfield>
						<marc:subfield code="p">kup</marc:subfield>
						<marc:subfield code="w">000000117</marc:subfield>
						<marc:subfield code="a">1</marc:subfield>
						<marc:subfield code="e">BOA001</marc:subfield>
						<marc:subfield code="s">P</marc:subfield>
					</marc:datafield>
					<marc:datafield tag="996" ind1="6" ind2=" ">
						<marc:subfield code="b">2610113988</marc:subfield>
						<marc:subfield code="c">03127-0602.984</marc:subfield>
						<marc:subfield code="d">1999 33 1-4</marc:subfield>
						<marc:subfield code="v">33</marc:subfield>
						<marc:subfield code="y">1999</marc:subfield>
						<marc:subfield code="l">SK4</marc:subfield>
						<marc:subfield code="r">SKL</marc:subfield>
						<marc:subfield code="n">0</marc:subfield>
						<marc:subfield code="p">kup</marc:subfield>
						<marc:subfield code="w">000000117</marc:subfield>
						<marc:subfield code="a">1</marc:subfield>
						<marc:subfield code="e">BOA001</marc:subfield>
						<marc:subfield code="s">P</marc:subfield>
					</marc:datafield>
					<marc:datafield tag="996" ind1="6" ind2=" ">
						<marc:subfield code="b">2610135690</marc:subfield>
						<marc:subfield code="c">03127-0602.984</marc:subfield>
						<marc:subfield code="d">2000 34 1-4</marc:subfield>
						<marc:subfield code="v">34</marc:subfield>
						<marc:subfield code="y">2000</marc:subfield>
						<marc:subfield code="l">SK4</marc:subfield>
						<marc:subfield code="r">SKL</marc:subfield>
						<marc:subfield code="n">0</marc:subfield>
						<marc:subfield code="p">kup</marc:subfield>
						<marc:subfield code="w">000000117</marc:subfield>
						<marc:subfield code="a">1</marc:subfield>
						<marc:subfield code="e">BOA001</marc:subfield>
						<marc:subfield code="s">P</marc:subfield>
					</marc:datafield>
					<marc:datafield tag="996" ind1="6" ind2=" ">
						<marc:subfield code="b">2610164040</marc:subfield>
						<marc:subfield code="c">03127-0602.984</marc:subfield>
						<marc:subfield code="d">2001 35 1-4</marc:subfield>
						<marc:subfield code="v">35</marc:subfield>
						<marc:subfield code="i">1-4</marc:subfield>
						<marc:subfield code="y">2001</marc:subfield>
						<marc:subfield code="l">SK4</marc:subfield>
						<marc:subfield code="r">SKL</marc:subfield>
						<marc:subfield code="n">0</marc:subfield>
						<marc:subfield code="p">kup</marc:subfield>
						<marc:subfield code="w">000000117</marc:subfield>
						<marc:subfield code="a">1</marc:subfield>
						<marc:subfield code="e">BOA001</marc:subfield>
						<marc:subfield code="s">P</marc:subfield>
					</marc:datafield>
					<marc:datafield tag="996" ind1="6" ind2=" ">
						<marc:subfield code="b">2610198320</marc:subfield>
						<marc:subfield code="c">03127-0602.984</marc:subfield>
						<marc:subfield code="d">2002 36 1-4</marc:subfield>
						<marc:subfield code="v">36</marc:subfield>
						<marc:subfield code="i">1-4</marc:subfield>
						<marc:subfield code="y">2002</marc:subfield>
						<marc:subfield code="l">SK4</marc:subfield>
						<marc:subfield code="r">SKL</marc:subfield>
						<marc:subfield code="n">0</marc:subfield>
						<marc:subfield code="p">kup</marc:subfield>
						<marc:subfield code="w">000000117</marc:subfield>
						<marc:subfield code="a">1</marc:subfield>
						<marc:subfield code="e">BOA001</marc:subfield>
						<marc:subfield code="s">P</marc:subfield>
					</marc:datafield>
					<marc:datafield tag="996" ind1="6" ind2=" ">
						<marc:subfield code="b">2610227606</marc:subfield>
						<marc:subfield code="c">03127-0602.984</marc:subfield>
						<marc:subfield code="d">2003 37 1-4</marc:subfield>
						<marc:subfield code="v">37</marc:subfield>
						<marc:subfield code="i">1-4</marc:subfield>
						<marc:subfield code="y">2003</marc:subfield>
						<marc:subfield code="l">SK4</marc:subfield>
						<marc:subfield code="r">SKL</marc:subfield>
						<marc:subfield code="n">0</marc:subfield>
						<marc:subfield code="p">kup.</marc:subfield>
						<marc:subfield code="w">000000117</marc:subfield>
						<marc:subfield code="a">1</marc:subfield>
						<marc:subfield code="e">BOA001</marc:subfield>
						<marc:subfield code="s">P</marc:subfield>
					</marc:datafield>
					<marc:datafield tag="996" ind1="6" ind2=" ">
						<marc:subfield code="b">2610256050</marc:subfield>
						<marc:subfield code="c">03127-0602.984</marc:subfield>
						<marc:subfield code="d">2004 38 1-4</marc:subfield>
						<marc:subfield code="v">38</marc:subfield>
						<marc:subfield code="i">1-4</marc:subfield>
						<marc:subfield code="y">2004</marc:subfield>
						<marc:subfield code="l">SK4</marc:subfield>
						<marc:subfield code="r">SKL</marc:subfield>
						<marc:subfield code="n">0</marc:subfield>
						<marc:subfield code="p">kup.</marc:subfield>
						<marc:subfield code="w">000000117</marc:subfield>
						<marc:subfield code="a">1</marc:subfield>
						<marc:subfield code="e">BOA001</marc:subfield>
						<marc:subfield code="s">P</marc:subfield>
					</marc:datafield>
					<marc:datafield tag="996" ind1="6" ind2=" ">
						<marc:subfield code="b">2619712469</marc:subfield>
						<marc:subfield code="c">03127-0602.984</marc:subfield>
						<marc:subfield code="d">1993 27</marc:subfield>
						<marc:subfield code="v">27</marc:subfield>
						<marc:subfield code="y">1993</marc:subfield>
						<marc:subfield code="l">SK4</marc:subfield>
						<marc:subfield code="r">SKL</marc:subfield>
						<marc:subfield code="n">0</marc:subfield>
						<marc:subfield code="w">000000117</marc:subfield>
						<marc:subfield code="a">1</marc:subfield>
						<marc:subfield code="e">BOA001</marc:subfield>
						<marc:subfield code="s">P</marc:subfield>
					</marc:datafield>
					<marc:datafield tag="996" ind1="6" ind2=" ">
						<marc:subfield code="b">2619712470</marc:subfield>
						<marc:subfield code="c">03127-0602.984</marc:subfield>
						<marc:subfield code="d">1992 26</marc:subfield>
						<marc:subfield code="v">26</marc:subfield>
						<marc:subfield code="y">1992</marc:subfield>
						<marc:subfield code="l">SK4</marc:subfield>
						<marc:subfield code="r">SKL</marc:subfield>
						<marc:subfield code="n">0</marc:subfield>
						<marc:subfield code="w">000000117</marc:subfield>
						<marc:subfield code="a">1</marc:subfield>
						<marc:subfield code="e">BOA001</marc:subfield>
						<marc:subfield code="s">P</marc:subfield>
					</marc:datafield>
					<marc:datafield tag="996" ind1="6" ind2=" ">
						<marc:subfield code="b">2619712471</marc:subfield>
						<marc:subfield code="c">03127-0602.984</marc:subfield>
						<marc:subfield code="d">1991 25</marc:subfield>
						<marc:subfield code="v">25</marc:subfield>
						<marc:subfield code="y">1991</marc:subfield>
						<marc:subfield code="l">SK4</marc:subfield>
						<marc:subfield code="r">SKL</marc:subfield>
						<marc:subfield code="n">0</marc:subfield>
						<marc:subfield code="w">000000117</marc:subfield>
						<marc:subfield code="a">1</marc:subfield>
						<marc:subfield code="e">BOA001</marc:subfield>
						<marc:subfield code="s">P</marc:subfield>
					</marc:datafield>
				</marc:record>
			</metadata>
		</record>