
		<record>
			<header>
				<identifier>oai:aleph.mzk.cz:MZK01-000000119</identifier>
				<datestamp>2014-12-27T20:11:38Z</datestamp>
				<setSpec>MZK01-VDK</setSpec>
			</header>
			<metadata>
				<marc:record xmlns:marc="http://www.loc.gov/MARC21/slim"
					xmlns:xsi="http://www.w3.org/2001/XMLSchema-instance"
					xsi:schemaLocation="http://www.loc.gov/MARC21/slim
http://www.loc.gov/standards/marcxml/schema/MARC21slim.xsd">
					<marc:leader>     nam a22     2a 4500</marc:leader>
					<marc:controlfield tag="001">000000119</marc:controlfield>
					<marc:controlfield tag="003">CZ BrMZK</marc:controlfield>
					<marc:controlfield tag="005">19950101143423.0</marc:controlfield>
					<marc:controlfield tag="008">950101s1948    xr     f            cze d</marc:controlfield>
					<marc:datafield tag="040" ind1=" " ind2=" ">
						<marc:subfield code="a">BOA001</marc:subfield>
						<marc:subfield code="b">cze</marc:subfield>
					</marc:datafield>
					<marc:datafield tag="100" ind1="1" ind2=" ">
						<marc:subfield code="a">Andrić, Ivo,</marc:subfield>
						<marc:subfield code="d">1892-1975</marc:subfield>
						<marc:subfield code="7">jn19990000190</marc:subfield>
					</marc:datafield>
					<marc:datafield tag="245" ind1="1" ind2="0">
						<marc:subfield code="a">Most přes Drinu</marc:subfield>
					</marc:datafield>
					<marc:datafield tag="260" ind1=" " ind2=" ">
						<marc:subfield code="a">Praha,</marc:subfield>
						<marc:subfield code="c">1948</marc:subfield>
					</marc:datafield>
					<marc:datafield tag="910" ind1=" " ind2=" ">
						<marc:subfield code="a">BOA001</marc:subfield>
					</marc:datafield>
					<marc:datafield tag="990" ind1=" " ind2=" ">
						<marc:subfield code="a">BK</marc:subfield>
					</marc:datafield>
					<marc:datafield tag="996" ind1="7" ind2=" ">
						<marc:subfield code="b">2619857138</marc:subfield>
						<marc:subfield code="c">2-0225.308</marc:subfield>
						<marc:subfield code="l">PP1</marc:subfield>
						<marc:subfield code="r">DEN</marc:subfield>
						<marc:subfield code="n">22</marc:subfield>
						<marc:subfield code="w">000000119</marc:subfield>
						<marc:subfield code="a">1</marc:subfield>
						<marc:subfield code="e">BOA001</marc:subfield>
						<marc:subfield code="s">A</marc:subfield>
					</marc:datafield>
					<marc:datafield tag="996" ind1="6" ind2=" ">
						<marc:subfield code="b">2619905612</marc:subfield>
						<marc:subfield code="c">2-0225.308</marc:subfield>
						<marc:subfield code="l">PP1</marc:subfield>
						<marc:subfield code="r">DEN</marc:subfield>
						<marc:subfield code="n">18</marc:subfield>
						<marc:subfield code="w">000000119</marc:subfield>
						<marc:subfield code="a">1</marc:subfield>
						<marc:subfield code="e">BOA001</marc:subfield>
						<marc:subfield code="s">P</marc:subfield>
					</marc:datafield>
				</marc:record>
			</metadata>
		</record>