
		<record>
			<header>
				<identifier>oai:aleph.mzk.cz:MZK01-000000120</identifier>
				<datestamp>2014-12-27T20:11:38Z</datestamp>
				<setSpec>MZK01-VDK</setSpec>
			</header>
			<metadata>
				<marc:record xmlns:marc="http://www.loc.gov/MARC21/slim"
					xmlns:xsi="http://www.w3.org/2001/XMLSchema-instance"
					xsi:schemaLocation="http://www.loc.gov/MARC21/slim
http://www.loc.gov/standards/marcxml/schema/MARC21slim.xsd">
					<marc:leader>     nas a22     2a 4500</marc:leader>
					<marc:controlfield tag="001">000000120</marc:controlfield>
					<marc:controlfield tag="003">CZ BrMZK</marc:controlfield>
					<marc:controlfield tag="005">20130801151716.0</marc:controlfield>
					<marc:controlfield tag="008">950101u1929    xr                  cze d</marc:controlfield>
					<marc:datafield tag="040" ind1=" " ind2=" ">
						<marc:subfield code="a">BOA001</marc:subfield>
						<marc:subfield code="b">cze</marc:subfield>
					</marc:datafield>
					<marc:datafield tag="245" ind1="0" ind2="0">
						<marc:subfield code="a">Výroční zpráva za rok ... :</marc:subfield>
						<marc:subfield code="b">okresní péče o mládež v Kloboukách u Brna</marc:subfield>
					</marc:datafield>
					<marc:datafield tag="260" ind1=" " ind2=" ">
						<marc:subfield code="a">Klobouky u Brna,</marc:subfield>
						<marc:subfield code="c">[1929]-</marc:subfield>
					</marc:datafield>
					<marc:datafield tag="910" ind1=" " ind2=" ">
						<marc:subfield code="a">BOA001</marc:subfield>
					</marc:datafield>
					<marc:datafield tag="990" ind1=" " ind2=" ">
						<marc:subfield code="a">SE</marc:subfield>
					</marc:datafield>
					<marc:datafield tag="996" ind1="6" ind2=" ">
						<marc:subfield code="b">2619537075</marc:subfield>
						<marc:subfield code="c">X2-0815.606</marc:subfield>
						<marc:subfield code="d">1929</marc:subfield>
						<marc:subfield code="y">1929</marc:subfield>
						<marc:subfield code="l">SK8</marc:subfield>
						<marc:subfield code="r">DEN</marc:subfield>
						<marc:subfield code="n">1</marc:subfield>
						<marc:subfield code="w">000000120</marc:subfield>
						<marc:subfield code="a">1</marc:subfield>
						<marc:subfield code="e">BOA001</marc:subfield>
						<marc:subfield code="s">P</marc:subfield>
					</marc:datafield>
					<marc:datafield tag="996" ind1="6" ind2=" ">
						<marc:subfield code="b">2619905613</marc:subfield>
						<marc:subfield code="c">X2-0815.606</marc:subfield>
						<marc:subfield code="d">1935</marc:subfield>
						<marc:subfield code="y">1935</marc:subfield>
						<marc:subfield code="l">SK8</marc:subfield>
						<marc:subfield code="r">DEN</marc:subfield>
						<marc:subfield code="n">1</marc:subfield>
						<marc:subfield code="w">000000120</marc:subfield>
						<marc:subfield code="a">1</marc:subfield>
						<marc:subfield code="e">BOA001</marc:subfield>
						<marc:subfield code="s">P</marc:subfield>
					</marc:datafield>
				</marc:record>
			</metadata>
		</record>