
		<record>
			<header>
				<identifier>oai:aleph.mzk.cz:MZK01-000000123</identifier>
				<datestamp>2014-12-27T20:11:39Z</datestamp>
				<setSpec>MZK01-VDK</setSpec>
			</header>
			<metadata>
				<marc:record xmlns:marc="http://www.loc.gov/MARC21/slim"
					xmlns:xsi="http://www.w3.org/2001/XMLSchema-instance"
					xsi:schemaLocation="http://www.loc.gov/MARC21/slim
http://www.loc.gov/standards/marcxml/schema/MARC21slim.xsd">
					<marc:leader>     nam a22      a 4500</marc:leader>
					<marc:controlfield tag="001">000000123</marc:controlfield>
					<marc:controlfield tag="003">CZ BrMZK</marc:controlfield>
					<marc:controlfield tag="005">20140810200227.0</marc:controlfield>
					<marc:controlfield tag="007">ta</marc:controlfield>
					<marc:controlfield tag="008">940906s1994    xr     f      000 0 cze d</marc:controlfield>
					<marc:datafield tag="020" ind1=" " ind2=" ">
						<marc:subfield code="a">80-210-0910-1</marc:subfield>
						<marc:subfield code="c">40.00</marc:subfield>
					</marc:datafield>
					<marc:datafield tag="040" ind1=" " ind2=" ">
						<marc:subfield code="a">BOA001</marc:subfield>
						<marc:subfield code="b">cze</marc:subfield>
					</marc:datafield>
					<marc:datafield tag="080" ind1=" " ind2=" ">
						<marc:subfield code="a">885.0-312.6</marc:subfield>
						<marc:subfield code="2">MRF</marc:subfield>
					</marc:datafield>
					<marc:datafield tag="080" ind1=" " ind2=" ">
						<marc:subfield code="a">929 Kubeš, Vladimír</marc:subfield>
						<marc:subfield code="2">MRF</marc:subfield>
					</marc:datafield>
					<marc:datafield tag="080" ind1=" " ind2=" ">
						<marc:subfield code="a">34(437.1)&quot;19&quot;:92 Kubeš, Vladimír</marc:subfield>
						<marc:subfield code="2">MRF</marc:subfield>
					</marc:datafield>
					<marc:datafield tag="100" ind1="1" ind2=" ">
						<marc:subfield code="a">Kubeš, Vladimír,</marc:subfield>
						<marc:subfield code="d">1908-1988</marc:subfield>
						<marc:subfield code="7">jk01070327</marc:subfield>
						<marc:subfield code="4">aut</marc:subfield>
					</marc:datafield>
					<marc:datafield tag="245" ind1="1" ind2="0">
						<marc:subfield code="a">--a chtěl bych to všechno znovu /</marc:subfield>
						<marc:subfield code="c">Vladimír Kubeš</marc:subfield>
					</marc:datafield>
					<marc:datafield tag="250" ind1=" " ind2=" ">
						<marc:subfield code="a">1. vyd.</marc:subfield>
					</marc:datafield>
					<marc:datafield tag="260" ind1=" " ind2=" ">
						<marc:subfield code="a">Brno :</marc:subfield>
						<marc:subfield code="b">Masarykova univerzita,</marc:subfield>
						<marc:subfield code="c">1994</marc:subfield>
					</marc:datafield>
					<marc:datafield tag="300" ind1=" " ind2=" ">
						<marc:subfield code="a">194 s.</marc:subfield>
					</marc:datafield>
					<marc:datafield tag="490" ind1="1" ind2=" ">
						<marc:subfield code="a">Spisy právnické fakulty Masarykovy univerzity v Brně. Řada populárně vědecká ;</marc:subfield>
						<marc:subfield code="v">sv. 134</marc:subfield>
					</marc:datafield>
					<marc:datafield tag="653" ind1="0" ind2=" ">
						<marc:subfield code="a">Kubeš, Vladimír 1908-1988</marc:subfield>
					</marc:datafield>
					<marc:datafield tag="810" ind1="2" ind2=" ">
						<marc:subfield code="a">Masarykova univerzita.</marc:subfield>
						<marc:subfield code="b">Právnická fakulta.</marc:subfield>
						<marc:subfield code="t">Spisy.</marc:subfield>
						<marc:subfield code="p">Řada populárně vědecká</marc:subfield>
					</marc:datafield>
					<marc:datafield tag="910" ind1=" " ind2=" ">
						<marc:subfield code="a">BOA001</marc:subfield>
					</marc:datafield>
					<marc:datafield tag="962" ind1=" " ind2=" ">
						<marc:subfield code="a">34</marc:subfield>
					</marc:datafield>
					<marc:datafield tag="962" ind1=" " ind2=" ">
						<marc:subfield code="a">885.0-31</marc:subfield>
					</marc:datafield>
					<marc:datafield tag="962" ind1=" " ind2=" ">
						<marc:subfield code="a">929</marc:subfield>
					</marc:datafield>
					<marc:datafield tag="964" ind1=" " ind2=" ">
						<marc:subfield code="a">Kubeš</marc:subfield>
						<marc:subfield code="b">Vladimír</marc:subfield>
						<marc:subfield code="f">1908-1988</marc:subfield>
						<marc:subfield code="x">životopisy vlastní</marc:subfield>
					</marc:datafield>
					<marc:datafield tag="990" ind1=" " ind2=" ">
						<marc:subfield code="a">BK</marc:subfield>
					</marc:datafield>
					<marc:datafield tag="996" ind1="7" ind2=" ">
						<marc:subfield code="b">2610012907</marc:subfield>
						<marc:subfield code="c">2-1002.390</marc:subfield>
						<marc:subfield code="l">SK0</marc:subfield>
						<marc:subfield code="r">SKL</marc:subfield>
						<marc:subfield code="n">27</marc:subfield>
						<marc:subfield code="p">p.v.</marc:subfield>
						<marc:subfield code="w">000000123</marc:subfield>
						<marc:subfield code="a">1</marc:subfield>
						<marc:subfield code="e">BOA001</marc:subfield>
						<marc:subfield code="s">A</marc:subfield>
					</marc:datafield>
					<marc:datafield tag="996" ind1="6" ind2=" ">
						<marc:subfield code="b">2610030719</marc:subfield>
						<marc:subfield code="c">2-1002.390</marc:subfield>
						<marc:subfield code="l">SK0</marc:subfield>
						<marc:subfield code="r">SKL</marc:subfield>
						<marc:subfield code="n">9</marc:subfield>
						<marc:subfield code="p">kup</marc:subfield>
						<marc:subfield code="w">000000123</marc:subfield>
						<marc:subfield code="a">1</marc:subfield>
						<marc:subfield code="e">BOA001</marc:subfield>
						<marc:subfield code="s">P</marc:subfield>
					</marc:datafield>
					<marc:datafield tag="996" ind1="7" ind2=" ">
						<marc:subfield code="b">2610030720</marc:subfield>
						<marc:subfield code="c">2-1002.390</marc:subfield>
						<marc:subfield code="v">1</marc:subfield>
						<marc:subfield code="l">SK0</marc:subfield>
						<marc:subfield code="r">SKL</marc:subfield>
						<marc:subfield code="n">33</marc:subfield>
						<marc:subfield code="p">kup</marc:subfield>
						<marc:subfield code="w">000000123</marc:subfield>
						<marc:subfield code="a">1</marc:subfield>
						<marc:subfield code="e">BOA001</marc:subfield>
						<marc:subfield code="s">A</marc:subfield>
					</marc:datafield>
					<marc:datafield tag="996" ind1="7" ind2=" ">
						<marc:subfield code="b">2610030721</marc:subfield>
						<marc:subfield code="c">2-1002.390</marc:subfield>
						<marc:subfield code="v">3</marc:subfield>
						<marc:subfield code="l">SK0</marc:subfield>
						<marc:subfield code="r">SKL</marc:subfield>
						<marc:subfield code="n">13</marc:subfield>
						<marc:subfield code="p">kup</marc:subfield>
						<marc:subfield code="w">000000123</marc:subfield>
						<marc:subfield code="a">1</marc:subfield>
						<marc:subfield code="e">BOA001</marc:subfield>
						<marc:subfield code="s">A</marc:subfield>
					</marc:datafield>
					<marc:datafield tag="996" ind1="1" ind2=" ">
						<marc:subfield code="b">2610030722</marc:subfield>
						<marc:subfield code="c">2-1002.390</marc:subfield>
						<marc:subfield code="v">1</marc:subfield>
						<marc:subfield code="l">SK0</marc:subfield>
						<marc:subfield code="r">SKL</marc:subfield>
						<marc:subfield code="n">16</marc:subfield>
						<marc:subfield code="p">110825 Ztr.58/11 ; kup</marc:subfield>
						<marc:subfield code="w">000000123</marc:subfield>
						<marc:subfield code="a">1</marc:subfield>
						<marc:subfield code="q">0</marc:subfield>
						<marc:subfield code="e">BOA001</marc:subfield>
						<marc:subfield code="s">Z</marc:subfield>
					</marc:datafield>
				</marc:record>
			</metadata>
		</record>