
		<record>
			<header>
				<identifier>oai:aleph.mzk.cz:MZK01-000000122</identifier>
				<datestamp>2014-12-27T20:11:39Z</datestamp>
				<setSpec>MZK01-VDK</setSpec>
			</header>
			<metadata>
				<marc:record xmlns:marc="http://www.loc.gov/MARC21/slim"
					xmlns:xsi="http://www.w3.org/2001/XMLSchema-instance"
					xsi:schemaLocation="http://www.loc.gov/MARC21/slim
http://www.loc.gov/standards/marcxml/schema/MARC21slim.xsd">
					<marc:leader>     nam a22      a 4500</marc:leader>
					<marc:controlfield tag="001">000000122</marc:controlfield>
					<marc:controlfield tag="003">CZ BrMZK</marc:controlfield>
					<marc:controlfield tag="005">19941118143423.0</marc:controlfield>
					<marc:controlfield tag="008">941116s1994    xr     f            cze d</marc:controlfield>
					<marc:datafield tag="020" ind1=" " ind2=" ">
						<marc:subfield code="a">80-901500-1-2</marc:subfield>
					</marc:datafield>
					<marc:datafield tag="040" ind1=" " ind2=" ">
						<marc:subfield code="a">BOA001</marc:subfield>
						<marc:subfield code="b">cze</marc:subfield>
					</marc:datafield>
					<marc:datafield tag="080" ind1=" " ind2=" ">
						<marc:subfield code="a">084.1(02.053.2)</marc:subfield>
						<marc:subfield code="2">MRF</marc:subfield>
					</marc:datafield>
					<marc:datafield tag="100" ind1="1" ind2=" ">
						<marc:subfield code="a">Synek, František,</marc:subfield>
						<marc:subfield code="d">1956-</marc:subfield>
						<marc:subfield code="7">ola2002110000</marc:subfield>
						<marc:subfield code="4">aut</marc:subfield>
					</marc:datafield>
					<marc:datafield tag="245" ind1="1" ind2="0">
						<marc:subfield code="a">Á Bé Cé Dé kočka přede /</marc:subfield>
						<marc:subfield code="c">František Synek ; Ilustr. Jolanta Lysková</marc:subfield>
					</marc:datafield>
					<marc:datafield tag="260" ind1=" " ind2=" ">
						<marc:subfield code="a">Praha :</marc:subfield>
						<marc:subfield code="b">ArchArt,</marc:subfield>
						<marc:subfield code="c">1994</marc:subfield>
					</marc:datafield>
					<marc:datafield tag="300" ind1=" " ind2=" ">
						<marc:subfield code="a">16 s. :</marc:subfield>
						<marc:subfield code="b">obr.</marc:subfield>
					</marc:datafield>
					<marc:datafield tag="700" ind1="1" ind2=" ">
						<marc:subfield code="a">Lysková, Jolanta,</marc:subfield>
						<marc:subfield code="d">1939-</marc:subfield>
						<marc:subfield code="7">jn19981001786</marc:subfield>
						<marc:subfield code="4">ill</marc:subfield>
					</marc:datafield>
					<marc:datafield tag="910" ind1=" " ind2=" ">
						<marc:subfield code="a">BOA001</marc:subfield>
					</marc:datafield>
					<marc:datafield tag="962" ind1=" " ind2=" ">
						<marc:subfield code="a">08</marc:subfield>
					</marc:datafield>
					<marc:datafield tag="990" ind1=" " ind2=" ">
						<marc:subfield code="a">BK</marc:subfield>
					</marc:datafield>
					<marc:datafield tag="996" ind1="7" ind2=" ">
						<marc:subfield code="b">2610014292</marc:subfield>
						<marc:subfield code="c">X-1003.430</marc:subfield>
						<marc:subfield code="l">SK6</marc:subfield>
						<marc:subfield code="r">SKL</marc:subfield>
						<marc:subfield code="n">4</marc:subfield>
						<marc:subfield code="p">p.v.</marc:subfield>
						<marc:subfield code="w">000000122</marc:subfield>
						<marc:subfield code="a">1</marc:subfield>
						<marc:subfield code="e">BOA001</marc:subfield>
						<marc:subfield code="s">A</marc:subfield>
					</marc:datafield>
				</marc:record>
			</metadata>
		</record>