
		<record>
			<header>
				<identifier>oai:aleph.mzk.cz:MZK01-000000125</identifier>
				<datestamp>2014-12-27T20:11:39Z</datestamp>
				<setSpec>MZK01-VDK</setSpec>
			</header>
			<metadata>
				<marc:record xmlns:marc="http://www.loc.gov/MARC21/slim"
					xmlns:xsi="http://www.w3.org/2001/XMLSchema-instance"
					xsi:schemaLocation="http://www.loc.gov/MARC21/slim
http://www.loc.gov/standards/marcxml/schema/MARC21slim.xsd">
					<marc:leader>     nam a22      a 4500</marc:leader>
					<marc:controlfield tag="001">000000125</marc:controlfield>
					<marc:controlfield tag="003">CZ BrMZK</marc:controlfield>
					<marc:controlfield tag="005">20110804090932.0</marc:controlfield>
					<marc:controlfield tag="008">931125s1993    xr     e p          cze d</marc:controlfield>
					<marc:datafield tag="015" ind1=" " ind2=" ">
						<marc:subfield code="a">cnb000081537</marc:subfield>
					</marc:datafield>
					<marc:datafield tag="020" ind1=" " ind2=" ">
						<marc:subfield code="a">80-210-0754-0</marc:subfield>
						<marc:subfield code="c">20.00</marc:subfield>
					</marc:datafield>
					<marc:datafield tag="035" ind1=" " ind2=" ">
						<marc:subfield code="a">(OCoLC)39581159</marc:subfield>
					</marc:datafield>
					<marc:datafield tag="040" ind1=" " ind2=" ">
						<marc:subfield code="a">BOA001</marc:subfield>
						<marc:subfield code="b">cze</marc:subfield>
					</marc:datafield>
					<marc:datafield tag="080" ind1=" " ind2=" ">
						<marc:subfield code="a">658.8:316.77</marc:subfield>
						<marc:subfield code="2">MRF</marc:subfield>
					</marc:datafield>
					<marc:datafield tag="080" ind1=" " ind2=" ">
						<marc:subfield code="a">659.4</marc:subfield>
						<marc:subfield code="2">MRF</marc:subfield>
					</marc:datafield>
					<marc:datafield tag="080" ind1=" " ind2=" ">
						<marc:subfield code="a">(075.8)</marc:subfield>
						<marc:subfield code="2">MRF</marc:subfield>
					</marc:datafield>
					<marc:datafield tag="100" ind1="1" ind2=" ">
						<marc:subfield code="a">Foret, Miroslav</marc:subfield>
						<marc:subfield code="7">xx0017069</marc:subfield>
						<marc:subfield code="4">aut</marc:subfield>
					</marc:datafield>
					<marc:datafield tag="245" ind1="1" ind2="0">
						<marc:subfield code="a">A co trh? :</marc:subfield>
						<marc:subfield code="b">principy komunikace, marketingu a public relations pro podnikání /</marc:subfield>
						<marc:subfield code="c">Miroslav Foret</marc:subfield>
					</marc:datafield>
					<marc:datafield tag="250" ind1=" " ind2=" ">
						<marc:subfield code="a">1. vyd.</marc:subfield>
					</marc:datafield>
					<marc:datafield tag="260" ind1=" " ind2=" ">
						<marc:subfield code="a">Brno :</marc:subfield>
						<marc:subfield code="b">Masarykova univerzita,</marc:subfield>
						<marc:subfield code="c">1993</marc:subfield>
					</marc:datafield>
					<marc:datafield tag="300" ind1=" " ind2=" ">
						<marc:subfield code="a">104 s. ;</marc:subfield>
						<marc:subfield code="c">20 cm</marc:subfield>
					</marc:datafield>
					<marc:datafield tag="500" ind1=" " ind2=" ">
						<marc:subfield code="a">Určeno pro posl. fak. ekon.-správní. - Bibliogr.</marc:subfield>
					</marc:datafield>
					<marc:datafield tag="650" ind1="0" ind2="7">
						<marc:subfield code="a">marketingová komunikace</marc:subfield>
						<marc:subfield code="7">ph115228</marc:subfield>
						<marc:subfield code="2">czenas</marc:subfield>
					</marc:datafield>
					<marc:datafield tag="650" ind1="0" ind2="7">
						<marc:subfield code="a">public relations</marc:subfield>
						<marc:subfield code="7">ph115957</marc:subfield>
						<marc:subfield code="2">czenas</marc:subfield>
					</marc:datafield>
					<marc:datafield tag="655" ind1=" " ind2="7">
						<marc:subfield code="a">učebnice vysokých škol</marc:subfield>
						<marc:subfield code="7">fd133772</marc:subfield>
						<marc:subfield code="2">czenas</marc:subfield>
					</marc:datafield>
					<marc:datafield tag="710" ind1="2" ind2=" ">
						<marc:subfield code="a">Masarykova univerzita.</marc:subfield>
						<marc:subfield code="b">Ekonomicko-správní fakulta</marc:subfield>
						<marc:subfield code="7">kn20010709273</marc:subfield>
					</marc:datafield>
					<marc:datafield tag="910" ind1=" " ind2=" ">
						<marc:subfield code="a">BOA001</marc:subfield>
					</marc:datafield>
					<marc:datafield tag="990" ind1=" " ind2=" ">
						<marc:subfield code="a">BK</marc:subfield>
					</marc:datafield>
					<marc:datafield tag="991" ind1=" " ind2=" ">
						<marc:subfield code="f">658.7/.8 FOR</marc:subfield>
					</marc:datafield>
					<marc:datafield tag="996" ind1="7" ind2=" ">
						<marc:subfield code="b">2610003608</marc:subfield>
						<marc:subfield code="c">2-0994.359</marc:subfield>
						<marc:subfield code="l">VV</marc:subfield>
						<marc:subfield code="r">VV4</marc:subfield>
						<marc:subfield code="n">116</marc:subfield>
						<marc:subfield code="p">p.v.</marc:subfield>
						<marc:subfield code="h">658.7/.8 FOR</marc:subfield>
						<marc:subfield code="w">000000125</marc:subfield>
						<marc:subfield code="a">0</marc:subfield>
						<marc:subfield code="e">BOA001</marc:subfield>
						<marc:subfield code="s">A</marc:subfield>
					</marc:datafield>
					<marc:datafield tag="996" ind1="7" ind2=" ">
						<marc:subfield code="b">2610113531</marc:subfield>
						<marc:subfield code="c">2-0994.359</marc:subfield>
						<marc:subfield code="l">VV</marc:subfield>
						<marc:subfield code="r">VV4</marc:subfield>
						<marc:subfield code="n">74</marc:subfield>
						<marc:subfield code="p">dar</marc:subfield>
						<marc:subfield code="h">658.7/.8 FOR</marc:subfield>
						<marc:subfield code="w">000000125</marc:subfield>
						<marc:subfield code="a">0</marc:subfield>
						<marc:subfield code="e">BOA001</marc:subfield>
						<marc:subfield code="s">A</marc:subfield>
					</marc:datafield>
				</marc:record>
			</metadata>
		</record>