
		<record>
			<header>
				<identifier>oai:aleph.mzk.cz:MZK01-000000127</identifier>
				<datestamp>2014-12-27T20:11:39Z</datestamp>
				<setSpec>MZK01-VDK</setSpec>
			</header>
			<metadata>
				<marc:record xmlns:marc="http://www.loc.gov/MARC21/slim"
					xmlns:xsi="http://www.w3.org/2001/XMLSchema-instance"
					xsi:schemaLocation="http://www.loc.gov/MARC21/slim
http://www.loc.gov/standards/marcxml/schema/MARC21slim.xsd">
					<marc:leader>     nam a22      a 4500</marc:leader>
					<marc:controlfield tag="001">000000127</marc:controlfield>
					<marc:controlfield tag="003">CZ BrMZK</marc:controlfield>
					<marc:controlfield tag="005">20080312125644.0</marc:controlfield>
					<marc:controlfield tag="008">010907s1994    xr     g          f cze d</marc:controlfield>
					<marc:datafield tag="020" ind1=" " ind2=" ">
						<marc:subfield code="a">80-7176-047-1</marc:subfield>
						<marc:subfield code="c">120.00</marc:subfield>
					</marc:datafield>
					<marc:datafield tag="040" ind1=" " ind2=" ">
						<marc:subfield code="a">BOA001</marc:subfield>
						<marc:subfield code="b">cze</marc:subfield>
					</marc:datafield>
					<marc:datafield tag="072" ind1=" " ind2="7">
						<marc:subfield code="a">821.112.2-3</marc:subfield>
						<marc:subfield code="x">Německá próza, německy psaná</marc:subfield>
						<marc:subfield code="2">Konspekt</marc:subfield>
						<marc:subfield code="9">25</marc:subfield>
					</marc:datafield>
					<marc:datafield tag="080" ind1=" " ind2=" ">
						<marc:subfield code="a">821.112.2(436)-31</marc:subfield>
						<marc:subfield code="2">MRF</marc:subfield>
					</marc:datafield>
					<marc:datafield tag="080" ind1=" " ind2=" ">
						<marc:subfield code="a">(0:82-31)</marc:subfield>
						<marc:subfield code="2">MRF</marc:subfield>
					</marc:datafield>
					<marc:datafield tag="100" ind1="1" ind2=" ">
						<marc:subfield code="a">Simmel, Johannes Mario,</marc:subfield>
						<marc:subfield code="d">1924-2009</marc:subfield>
						<marc:subfield code="7">jn20000605033</marc:subfield>
						<marc:subfield code="4">aut</marc:subfield>
					</marc:datafield>
					<marc:datafield tag="245" ind1="1" ind2="0">
						<marc:subfield code="a">A Jimmy šel za duhou /</marc:subfield>
						<marc:subfield code="c">Johannes Mario Simmel ; Z něm. orig. přel. Ivana Parkmanová</marc:subfield>
					</marc:datafield>
					<marc:datafield tag="250" ind1=" " ind2=" ">
						<marc:subfield code="a">1. vyd. v Kniž. klubu.</marc:subfield>
					</marc:datafield>
					<marc:datafield tag="260" ind1=" " ind2=" ">
						<marc:subfield code="a">Praha :</marc:subfield>
						<marc:subfield code="b">Knižní klub,</marc:subfield>
						<marc:subfield code="c">1994</marc:subfield>
					</marc:datafield>
					<marc:datafield tag="300" ind1=" " ind2=" ">
						<marc:subfield code="a">672 s.</marc:subfield>
					</marc:datafield>
					<marc:datafield tag="655" ind1=" " ind2="7">
						<marc:subfield code="a">rakouské romány</marc:subfield>
						<marc:subfield code="7">fd133222</marc:subfield>
						<marc:subfield code="2">czenas</marc:subfield>
					</marc:datafield>
					<marc:datafield tag="700" ind1="1" ind2=" ">
						<marc:subfield code="a">Parkmanová, Ivana</marc:subfield>
						<marc:subfield code="7">jx20031205009</marc:subfield>
						<marc:subfield code="4">trl</marc:subfield>
					</marc:datafield>
					<marc:datafield tag="765" ind1="0" ind2=" ">
						<marc:subfield code="t">Und Jimmy ging zum Regenbogen</marc:subfield>
					</marc:datafield>
					<marc:datafield tag="910" ind1=" " ind2=" ">
						<marc:subfield code="a">BOA001</marc:subfield>
					</marc:datafield>
					<marc:datafield tag="990" ind1=" " ind2=" ">
						<marc:subfield code="a">BK</marc:subfield>
					</marc:datafield>
					<marc:datafield tag="991" ind1=" " ind2=" ">
						<marc:subfield code="s">SKRYTO ztráta</marc:subfield>
					</marc:datafield>
					<marc:datafield tag="996" ind1="1" ind2=" ">
						<marc:subfield code="b">2610014523</marc:subfield>
						<marc:subfield code="c">2-1003.631</marc:subfield>
						<marc:subfield code="l">SK0</marc:subfield>
						<marc:subfield code="r">SKL</marc:subfield>
						<marc:subfield code="n">11</marc:subfield>
						<marc:subfield code="p">080312 Ztr.1618/07 ; p.v.</marc:subfield>
						<marc:subfield code="w">000000127</marc:subfield>
						<marc:subfield code="a">1</marc:subfield>
						<marc:subfield code="q">0</marc:subfield>
						<marc:subfield code="e">BOA001</marc:subfield>
						<marc:subfield code="s">Z</marc:subfield>
					</marc:datafield>
				</marc:record>
			</metadata>
		</record>