
		<record>
			<header>
				<identifier>oai:aleph.mzk.cz:MZK01-000000132</identifier>
				<datestamp>2014-12-27T20:11:39Z</datestamp>
				<setSpec>MZK01-VDK</setSpec>
			</header>
			<metadata>
				<marc:record xmlns:marc="http://www.loc.gov/MARC21/slim"
					xmlns:xsi="http://www.w3.org/2001/XMLSchema-instance"
					xsi:schemaLocation="http://www.loc.gov/MARC21/slim
http://www.loc.gov/standards/marcxml/schema/MARC21slim.xsd">
					<marc:leader>     nam a22      a 4500</marc:leader>
					<marc:controlfield tag="001">000000132</marc:controlfield>
					<marc:controlfield tag="003">CZ BrMZK</marc:controlfield>
					<marc:controlfield tag="005">19940623143423.0</marc:controlfield>
					<marc:controlfield tag="008">931129s1993    xr     f            cze d</marc:controlfield>
					<marc:datafield tag="020" ind1=" " ind2=" ">
						<marc:subfield code="a">80-237-0431-1</marc:subfield>
						<marc:subfield code="c">11.90</marc:subfield>
					</marc:datafield>
					<marc:datafield tag="040" ind1=" " ind2=" ">
						<marc:subfield code="a">BOA001</marc:subfield>
						<marc:subfield code="b">cze</marc:subfield>
					</marc:datafield>
					<marc:datafield tag="080" ind1=" " ind2=" ">
						<marc:subfield code="a">82-312.5=850</marc:subfield>
						<marc:subfield code="2">MRF</marc:subfield>
					</marc:datafield>
					<marc:datafield tag="100" ind1="1" ind2=" ">
						<marc:subfield code="a">Hohenberg, Diane von</marc:subfield>
						<marc:subfield code="7">jx20041110023</marc:subfield>
						<marc:subfield code="4">aut</marc:subfield>
					</marc:datafield>
					<marc:datafield tag="245" ind1="1" ind2="0">
						<marc:subfield code="a">A přece svou ženu neopustil /</marc:subfield>
						<marc:subfield code="c">Diane von Hohenbergová ; Z něm. orig. přel. Ivana Parkmanová</marc:subfield>
					</marc:datafield>
					<marc:datafield tag="250" ind1=" " ind2=" ">
						<marc:subfield code="a">1. vyd.</marc:subfield>
					</marc:datafield>
					<marc:datafield tag="260" ind1=" " ind2=" ">
						<marc:subfield code="a">Praha :</marc:subfield>
						<marc:subfield code="b">I. Železný,</marc:subfield>
						<marc:subfield code="c">1993</marc:subfield>
					</marc:datafield>
					<marc:datafield tag="300" ind1=" " ind2=" ">
						<marc:subfield code="a">62 s.</marc:subfield>
					</marc:datafield>
					<marc:datafield tag="490" ind1="1" ind2=" ">
						<marc:subfield code="a">Na výsluní ;</marc:subfield>
						<marc:subfield code="v">73 (45/93)</marc:subfield>
					</marc:datafield>
					<marc:datafield tag="490" ind1="1" ind2=" ">
						<marc:subfield code="a">Knihovnička Večerů pod lampou ;</marc:subfield>
						<marc:subfield code="v">792</marc:subfield>
					</marc:datafield>
					<marc:datafield tag="700" ind1="1" ind2=" ">
						<marc:subfield code="a">Parkmanová, Ivana</marc:subfield>
						<marc:subfield code="7">jx20031205009</marc:subfield>
						<marc:subfield code="4">trl</marc:subfield>
					</marc:datafield>
					<marc:datafield tag="765" ind1="0" ind2=" ">
						<marc:subfield code="t">Doch er blieb bei seiner Frau</marc:subfield>
					</marc:datafield>
					<marc:datafield tag="830" ind1=" " ind2="0">
						<marc:subfield code="a">Na výsluní</marc:subfield>
					</marc:datafield>
					<marc:datafield tag="830" ind1=" " ind2="0">
						<marc:subfield code="a">Knihovnička Večerů pod lampou</marc:subfield>
					</marc:datafield>
					<marc:datafield tag="910" ind1=" " ind2=" ">
						<marc:subfield code="a">BOA001</marc:subfield>
					</marc:datafield>
					<marc:datafield tag="962" ind1=" " ind2=" ">
						<marc:subfield code="a">82-31</marc:subfield>
					</marc:datafield>
					<marc:datafield tag="990" ind1=" " ind2=" ">
						<marc:subfield code="a">BK</marc:subfield>
					</marc:datafield>
					<marc:datafield tag="996" ind1="6" ind2=" ">
						<marc:subfield code="b">2610003578</marc:subfield>
						<marc:subfield code="c">1-0994.340</marc:subfield>
						<marc:subfield code="l">SK6</marc:subfield>
						<marc:subfield code="r">SKL</marc:subfield>
						<marc:subfield code="n">0</marc:subfield>
						<marc:subfield code="p">UN1 ; p.v.</marc:subfield>
						<marc:subfield code="w">000000132</marc:subfield>
						<marc:subfield code="a">1</marc:subfield>
						<marc:subfield code="e">BOA001</marc:subfield>
						<marc:subfield code="s">P</marc:subfield>
					</marc:datafield>
				</marc:record>
			</metadata>
		</record>