
		<record>
			<header>
				<identifier>oai:aleph.mzk.cz:MZK01-000000142</identifier>
				<datestamp>2014-12-27T20:11:40Z</datestamp>
				<setSpec>MZK01-VDK</setSpec>
			</header>
			<metadata>
				<marc:record xmlns:marc="http://www.loc.gov/MARC21/slim"
					xmlns:xsi="http://www.w3.org/2001/XMLSchema-instance"
					xsi:schemaLocation="http://www.loc.gov/MARC21/slim
http://www.loc.gov/standards/marcxml/schema/MARC21slim.xsd">
					<marc:leader>     nam a22      a 4500</marc:leader>
					<marc:controlfield tag="001">000000142</marc:controlfield>
					<marc:controlfield tag="003">CZ BrMZK</marc:controlfield>
					<marc:controlfield tag="005">19940603143423.0</marc:controlfield>
					<marc:controlfield tag="007">t</marc:controlfield>
					<marc:controlfield tag="008">940407s1993    xr     f p    000 m cze d</marc:controlfield>
					<marc:datafield tag="020" ind1=" " ind2=" ">
						<marc:subfield code="a">80-7079-040-7</marc:subfield>
						<marc:subfield code="c">11.00</marc:subfield>
					</marc:datafield>
					<marc:datafield tag="040" ind1=" " ind2=" ">
						<marc:subfield code="a">BOA001</marc:subfield>
						<marc:subfield code="b">cze</marc:subfield>
					</marc:datafield>
					<marc:datafield tag="041" ind1="1" ind2=" ">
						<marc:subfield code="a">cze</marc:subfield>
						<marc:subfield code="a">spa</marc:subfield>
					</marc:datafield>
					<marc:datafield tag="080" ind1=" " ind2=" ">
						<marc:subfield code="a">806.0(075.8)</marc:subfield>
						<marc:subfield code="2">MRF</marc:subfield>
					</marc:datafield>
					<marc:datafield tag="100" ind1="1" ind2=" ">
						<marc:subfield code="a">Hlavičková, Vlasta,</marc:subfield>
						<marc:subfield code="d">1943-</marc:subfield>
						<marc:subfield code="7">mzk2003188921</marc:subfield>
						<marc:subfield code="4">aut</marc:subfield>
					</marc:datafield>
					<marc:datafield tag="245" ind1="1" ind2="0">
						<marc:subfield code="a">ABC del Espaňol :</marc:subfield>
						<marc:subfield code="b">Klíč ke skriptu : Určeno pro posl. všech fak. /</marc:subfield>
						<marc:subfield code="c">Vlasta Hlavičková, Vlasta Zděnovcová</marc:subfield>
					</marc:datafield>
					<marc:datafield tag="250" ind1=" " ind2=" ">
						<marc:subfield code="a">2/2., vyd.</marc:subfield>
					</marc:datafield>
					<marc:datafield tag="260" ind1=" " ind2=" ">
						<marc:subfield code="a">Praha :</marc:subfield>
						<marc:subfield code="b">SPN,</marc:subfield>
						<marc:subfield code="c">1993</marc:subfield>
					</marc:datafield>
					<marc:datafield tag="300" ind1=" " ind2=" ">
						<marc:subfield code="a">71 s. :</marc:subfield>
						<marc:subfield code="b">tab.</marc:subfield>
					</marc:datafield>
					<marc:datafield tag="500" ind1=" " ind2=" ">
						<marc:subfield code="a">Vyd. Vys. škola ekon. v Praze</marc:subfield>
					</marc:datafield>
					<marc:datafield tag="653" ind1="0" ind2=" ">
						<marc:subfield code="a">španělština</marc:subfield>
					</marc:datafield>
					<marc:datafield tag="700" ind1="1" ind2=" ">
						<marc:subfield code="a">Zděnovcová, Vlasta,</marc:subfield>
						<marc:subfield code="d">1929-</marc:subfield>
						<marc:subfield code="7">jk01152311</marc:subfield>
						<marc:subfield code="4">aut</marc:subfield>
					</marc:datafield>
					<marc:datafield tag="910" ind1=" " ind2=" ">
						<marc:subfield code="a">BOA001</marc:subfield>
					</marc:datafield>
					<marc:datafield tag="962" ind1=" " ind2=" ">
						<marc:subfield code="a">806.0</marc:subfield>
					</marc:datafield>
					<marc:datafield tag="964" ind1=" " ind2=" ">
						<marc:subfield code="a">Španělština - učebnice- školy vysoké</marc:subfield>
					</marc:datafield>
					<marc:datafield tag="990" ind1=" " ind2=" ">
						<marc:subfield code="a">BK</marc:subfield>
					</marc:datafield>
					<marc:datafield tag="996" ind1="7" ind2=" ">
						<marc:subfield code="b">2610007252</marc:subfield>
						<marc:subfield code="c">4-0997.519</marc:subfield>
						<marc:subfield code="l">SK7</marc:subfield>
						<marc:subfield code="r">SKL</marc:subfield>
						<marc:subfield code="n">11</marc:subfield>
						<marc:subfield code="p">p.v.</marc:subfield>
						<marc:subfield code="w">000000142</marc:subfield>
						<marc:subfield code="a">1</marc:subfield>
						<marc:subfield code="e">BOA001</marc:subfield>
						<marc:subfield code="s">A</marc:subfield>
					</marc:datafield>
				</marc:record>
			</metadata>
		</record>