
		<record>
			<header>
				<identifier>oai:aleph.mzk.cz:MZK01-000000148</identifier>
				<datestamp>2014-12-27T20:11:40Z</datestamp>
				<setSpec>MZK01-VDK</setSpec>
			</header>
			<metadata>
				<marc:record xmlns:marc="http://www.loc.gov/MARC21/slim"
					xmlns:xsi="http://www.w3.org/2001/XMLSchema-instance"
					xsi:schemaLocation="http://www.loc.gov/MARC21/slim
http://www.loc.gov/standards/marcxml/schema/MARC21slim.xsd">
					<marc:leader>     nam a22     2a 4500</marc:leader>
					<marc:controlfield tag="001">000000148</marc:controlfield>
					<marc:controlfield tag="003">CZ BrMZK</marc:controlfield>
					<marc:controlfield tag="005">20140414092732.0</marc:controlfield>
					<marc:controlfield tag="008">940812s1858    xr     f            cze d</marc:controlfield>
					<marc:datafield tag="040" ind1=" " ind2=" ">
						<marc:subfield code="a">BOA001</marc:subfield>
						<marc:subfield code="b">cze</marc:subfield>
					</marc:datafield>
					<marc:datafield tag="100" ind1="1" ind2=" ">
						<marc:subfield code="a">Bíba, Vincenc Dominik,</marc:subfield>
						<marc:subfield code="d">1820-1906</marc:subfield>
						<marc:subfield code="7">jk01011999</marc:subfield>
					</marc:datafield>
					<marc:datafield tag="245" ind1="1" ind2="0">
						<marc:subfield code="a">Cvičení slohová pro hlavní a obecné školy</marc:subfield>
					</marc:datafield>
					<marc:datafield tag="260" ind1=" " ind2=" ">
						<marc:subfield code="a">Praha,</marc:subfield>
						<marc:subfield code="c">1858</marc:subfield>
					</marc:datafield>
					<marc:datafield tag="910" ind1=" " ind2=" ">
						<marc:subfield code="a">BOA001</marc:subfield>
					</marc:datafield>
					<marc:datafield tag="990" ind1=" " ind2=" ">
						<marc:subfield code="a">BK</marc:subfield>
					</marc:datafield>
					<marc:datafield tag="993" ind1=" " ind2=" ">
						<marc:subfield code="a">Y</marc:subfield>
					</marc:datafield>
					<marc:datafield tag="996" ind1="6" ind2=" ">
						<marc:subfield code="b">2619851653</marc:subfield>
						<marc:subfield code="c">1-0178.332</marc:subfield>
						<marc:subfield code="l">SK6</marc:subfield>
						<marc:subfield code="r">SKL</marc:subfield>
						<marc:subfield code="n">0</marc:subfield>
						<marc:subfield code="w">000000148</marc:subfield>
						<marc:subfield code="a">1</marc:subfield>
						<marc:subfield code="e">BOA001</marc:subfield>
						<marc:subfield code="s">P</marc:subfield>
					</marc:datafield>
				</marc:record>
			</metadata>
		</record>